@techreport{portaldemapasibge2021,
    author={{IBGE}},
    title={Portal de mapas},
    instituition = {{IBGE}},
    year={2021},
    address = {Rio de Janeiro},
    note={Disponível em: https://portaldemapas.ibge.gov.br/. Acesso em: 04 mar. 2021}
}


%Capítulos de Livros ===============================


@incollection{camara04,
  author       = {C{\^a}mara, Gilberto and Monteiro, Ant{\^o}nio and Fucks, Suzana and Carvalho, Marilia}, 
  title        = {An{\'a}lise espacial e geoprocessamento},
  booktitle    = {An{\'a}lise espacial de dados geogr{\'a}ficos},
  publisher    = {Embrapa},
  year         = {2004},
  editor       = {Druck, Suzana and Carvalho, Marilia and C{\^a}mara, Gilberto and Monteiro, Ant{\^o}nio},
  volume       = {},
  series       = {},
  chapter      = {1},
  pages        = {21-52},
  address      = {Brasília},
  edition      = {2},
  month        = {6},
  note         = {}
}


@incollection{camara04cap5,
  author       = {C{\^a}mara, Gilberto and Carvalho, Marilia and Cruz, Oswaldo and Correa, Virginia}, 
  title        = {An{\'a}lise espacial de áreas},
  booktitle    = {An{\'a}lise espacial de dados geogr{\'a}ficos},
  publisher    = {Embrapa},
  year         = {2004},
  editor       = {Druck, Suzana and Carvalho, Marilia and C{\^a}mara, Gilberto and Monteiro, Ant{\^o}nio},
  volume       = {},
  series       = {},
  chapter      = {5},
  pages        = {157-206},
  address      = {Brasília},
  edition      = {2},
  month        = {6},
  note         = {}
}

%Livros ===============================

@book{brasil19b,
    author = {BRASIL},
    booktitle = {Programa de Subvenção ao Prêmio do Seguro Rural: Relatório de Resultado 2018},
    title = {Relatório de Resultado 2018},
    address={Brasília},
    year = {2019}
}

@book{MAPA2021,
    author = {MAPA},
    booktitle = {Guia de Seguros Rurais},
    isbn = {9788578110796},
    issn = {1098-6596},
    pages = {1--44},
    pmid = {25246403},
    title = {{Guia de Seguros Rurais}},
    url = {https://www.gov.br/agricultura/pt-br/assuntos/riscos-seguro/seguro-rural/publicacoes-seguro-rural/guia-dos-seguros-rurais},
    year = {2021}
}

@book{everitt2011introduction,
  title={An introduction to applied multivariate analysis with R},
  author={Everitt, Brian and Hothorn, Torsten},
  year={2011},
  publisher={Springer Science \& Business Media},
  address = {New York}
}

@book{ferreira2008estatistica,
  title={Estat{\'\i}stica multivariada},
  author={Ferreira, Daniel Furtado},
  year={2008},  
  publisher={Editora Ufla},
  address = {Lavras}
}

@book{haining2003spatial,
  title={Spatial data analysis: theory and practice},
  author={Haining, Robert},
  year={2003},
  publisher={Cambridge University Press},
  address = {Cambrige}
  
}

@book{cliffeord1981,
  title={Spatial processes, models and applications},
  author={Cliff, Adrew and Ord, Keith},
  year={1981},
  publisher={Pion},
  address = {Londres}
}

@book{lesage1998,
  title={Spatial econometrics},
  author={Lesage, James},
  year={1998},
  publisher={Univesidade de Toledo},
  address = {Toledo}
}

@book{lesage2009,
  title={Introduction to spatial econometrics},
  author={LeSage, James and Pace, Robert Kelley},
  year={2009},
  publisher={Chapman and Hall/CRC}
}

@book{anselin1988,
  title={Spatial econometrics: methods and models},
  author={Anselin, Luc},
  volume={2},
  year={1988},
  publisher={Kluwer Academic},
  address = {Dordrecht}
  }

@book{almeida12,
  title={Econometria espacial aplicada},
  author={Almeida, Eduardo},
  address={Campinas, SP},
  publisher = { Al{\'\i}nea},
  year={2012}
}


%Artigos ===============================

@article{fornazier2012importancia,
  title={A import{\^a}ncia do seguro rural na redu{\c{c}}{\~a}o de riscos da agropecu{\'a}ria},
  author={Fornazier, Armando and de Souza, Paulo Marcelo and Ponciano, Niraldo Jos{\'e}},
  journal={Revista de Estudos Sociais},
  volume={14},
  number={28},
  pages={39--52},
  year={2012}
}



@article{maia2011instrumentos,
  title={Instrumentos de gest{\~a}o do risco agr{\'\i}cola: o caso do Brasil},
  author={Maia, Guilherme Baptista da Silva and Roitman, F{\'a}bio Brener and De Conti, Bruno Martarello},
  journal={Informativo Técnico SEAGRI},
  number={1},
  pages={1--16},
  year={2011},
  publisher={Banco Nacional de Desenvolvimento Econ{\^o}mico e Social},
  address={Rio de Janeiro}
}


@article{silva2014avaliaccao,
  title={Avalia{\c{c}}{\~a}o do Programa de Subven{\c{c}}{\~a}o ao Pr{\^e}mio do Seguro Rural--2005 a 2012},
  author={Silva, Jos{\'e} Alderir da and Teixeira, Maria do Socorro Gondim and Santos, Vinicius Gon{\c{c}}alves dos},
  journal={Revista de Pol{\'\i}tica Agr{\'\i}cola},
  volume={23},
  number={1},
  pages={105--118},
  year={2014}
}


@article{barros2012seguro,
  title={Seguro Agr{\'\i}cola no Brasil: uma vis{\~a}o estrat{\'e}gica de sua import{\^a}ncia para a economia brasileira},
  author={BARROS, A and MENEGOTTI, AL and ALVES, CC and QUEIROZ, F and HAUSKNECHT, JC and ROSA, LS and MARCONATO, R},
  journal={Pesquisa realizada pela MB Agro},
  year={2012}
}


@article{rey2013,
  title={Parallel optimal choropleth map classification in PySAL},
  author={Rey, Sergio and Anselin, Luc and Pahle, Robert and Kang, Xing and Stephens, Philip},
  journal={International Journal of Geographical Information Science},
  volume={27},
  number={5},
  pages={1023--1039},
  year={2013},
  publisher={Taylor \& Francis}
}

@article{jenks1977,
  title={Optimal data classification for choropleth maps},
  author={Jenks, George},
  journal={Department of Geography, University of Kansas Occasional Paper},
  year={1977}
}

@article{fisher1958,
  title={On grouping for maximum homogeneity},
  author={Fisher, Walter},
  journal={Journal of the American statistical Association},
  volume={53},
  number={284},
  pages={789--798},
  year={1958},
  publisher={Taylor \& Francis}
}

@article{getiseord1992,
  title={The analysis of spatial association by use of distance statistics},
  author={Getis, Arthur and Ord, Keith},
  journal={Geographical analysis},
  volume={24},
  number={3},
  pages={189-206},
  year={1992},
  publisher={Ohio State University Press}
}

@article{geary1954contiguity,
  title={The contiguity ratio and statistical mapping},
  author={Geary, Robert C},
  journal={The incorporated statistician},
  volume={5},
  number={3},
  pages={115--146},
  year={1954},
  publisher={}
}

@article{rossetti2001zoneamento,
  title={Zoneamento agr{\'\i}cola em aplica{\c{c}}{\~o}es de cr{\'e}dito e securidade rural no {B}rasil: aspectos atuariais e de pol{\'\i}tica agr{\'\i}cola},
  author={Rossetti, Luiz},
  journal={Revista Brasileira de Agrometeorologia},
  volume={9},
  number={3},
  pages={386--399},
  year={2001}
}


@article{messner1999,
  title={The spatial patterning of county homicide rates: An application of exploratory spatial data analysis},
  author={Messner, Steven and Anselin, Luc and Baller, Robert  and Hawkins, Darnell and Deane, Glenn and Tolnay, Stewart},
  journal={Journal of Quantitative Criminology},
  volume={15},
  number={4},
  pages={423-450},
  year={1999},
  publisher={Springer}
}


@article{anselin1995,
  title={Local indicators of spatial association},
  author={Anselin, Luc},
  journal={Geographical analysis},
  volume="27",
  number="2",
  pages={93-115},
  year="1995",
  publisher={Wiley Online Library}
}


@article{anselin2006,
  title={GeoDa: an introduction to spatial data analysis},
  author={Anselin, Luc and Syabri, Ibnu and Kho, Youngihn},
  journal={Geographical analysis},
  volume={38},
  number={2},
  pages={5-22},
  year={2006},
  publisher={The Ohio State University}
}



%Dissertações ===============================

@mastersthesis{tyszler2006,
  title={Econometria espacial: discutindo medidas para a matriz de pondera{\c{c}}{\~a}o espacial},
  author={Tyszler, Marcelo},
  type = {Mestrado em Administra{\c{c}}{\~a}o P{\'u}blica e Governo},
  school       = {Funda{\c{c}}{\~a}o Get{\'u}lio Vargas},
  year         = {2006},
  address      = {São Paulo},
  pages = {155}

}

@mastersthesis{burgo05,
  title={Caracteriza{\c{c}}{\~a}o espacial de riscos na agricultura e implica{\c{c}}{\~o}es para o desenvolvimento de instrumentos para seu gerenciamento},
  author={Burgo, Marcelo Nery},
  type = {Mestrado em Economia Aplicada},
  school       = {Escola Superior de Agricultura “Luiz de Queiroz”, ESALQ/USP},
  year         = {2005},
  address      = {Piracicaba},
  pages = {116}

}


%Python ===============================


@Article{matplotlib,
  Author    = {Hunter, J. D.},
  Title     = {Matplotlib: A 2D graphics environment},
  Journal   = {Computing in Science \& Engineering},
  Volume    = {9},
  Number    = {3},
  Pages     = {90--95},
  abstract  = {Matplotlib is a 2D graphics package used for Python for
  application development, interactive scripting, and publication-quality
  image generation across user interfaces and operating systems.},
  publisher = {IEEE COMPUTER SOC},
  doi       = {10.1109/MCSE.2007.55},
  year      = 2007
}

@techreport{jordahl14,
  Author    = {JORDAHL, K.},
  Title     = {GeoPandas: Python tools for geographic data.},
  url = {github.com/geopandas/geopandas},
  year  = 2020 
}